@article{PDizikes2020,
    author = "Peter Dizikes",
    title = "How many jobs do robots really replace?",
    journal = "MIT News Office" ,
    year = "2020", 
    url = "https://news.mit.edu/2020/how-many-jobs-robots-replace-0504"
}

@article{mdpi,
    author = "Yuri Lima and Carlos Eduardo Barbosa and Herbert Salazar dos Santos and Jano Moreira de Souza",
    title = "Understanding Technological Unemployment: A Review of Causes, Consequences, and Solutions",
    journal = "Societies",
    year = "2021",
    DOI = "https://doi.org/10.3390/soc11020050"
}

@article{sciencedaily,
    author = "Tyler Stahle",
    title = "Robots are taking over jobs, but not at the rate you might think",
    journal = "ScienceDaily",
    year = "2022",
    url = "https://www.sciencedaily.com/releases/2022/11/221109151954.htm"
}

@misc{philo,
    author = "Laura Maguire",
    title = "Automation and future work",
    year = "2017",
    url = "https://www.philosophytalk.org/blog/automation-and-future-work"
        
}